@inproceedings{UoW-Beamer,
  author    = {Qiuyu Lu},
  title     = {A UoW Beamer Theme},
  booktitle = {How to write beautiful \LaTeX},
  year      = {2024},
  url       = {https://www.overleaf.com/project},
}

@manual{pytorch,
  title        = "PyTorch documentation",
  organization = "PyTorch Foundation",
  year         = 2023,
  url          = "https://pytorch.org/docs/stable/index.html",
}